@ARTICLE{wpt-progress,
author={Hui, S.Y.R. and Wenxing Zhong and Lee, C.K.},
journal={Power Electronics, IEEE Transactions on},
title={A Critical Review of Recent Progress in Mid-Range Wireless Power Transfer},
year={2014},
volume={29},
number={9},
pages={4500-4511},
doi={10.1109/TPEL.2013.2249670},
ISSN={0885-8993},
month={Sept},}

@ARTICLE{history-wpt,
author={Brown, William C.},
journal={Microwave Theory and Techniques, IEEE Transactions on},
title={The History of Power Transmission by Radio Waves},
year={1984},
volume={32},
number={9},
pages={1230-1242},
keywords={Aircraft;History;Lenses;Power generation;Power system reliability;Power transmission;Radio frequency;Satellite broadcasting;Solar energy;Space technology},
doi={10.1109/TMTT.1984.1132833},
ISSN={0018-9480},
month={Sep},}

@inproceedings{mimo,
 author = {Jadidian, Jouya and Katabi, Dina},
 title = {Magnetic MIMO: How to Charge Your Phone in Your Pocket},
 booktitle = {Proceedings of the 20th Annual International Conference on Mobile Computing and Networking},
 series = {MobiCom '14},
 year = {2014},
 isbn = {978-1-4503-2783-1},
 location = {Maui, Hawaii, USA},
 pages = {495--506},
 numpages = {12},
 acmid = {2639130},
 publisher = {ACM},
}

@article{nltr-wave-chaotic,
  title={Nonlinear time reversal in a wave chaotic system},
  author={Frazier, Matthew and Taddese, Biniyam and Antonsen, Thomas and Anlage, Steven M},
  journal={Physical review letters},
  volume={110},
  number={6},
  pages={063902},
  year={2013},
  publisher={APS}
}

@book{arfken,
  title={Mathematical methods for physicists: A comprehensive guide},
  author={Arfken, George B and Weber, Hans J and Harris, Frank E},
  year={2011},
  publisher={Academic press}
}

@misc{wattup,
  title={Wireless power transmission with selective range},
  author={Leabman, Michael A and Brewer, Gregory Scott},
  year={2015},
  month=sep # "~1",
  publisher={Google Patents},
  note={US Patent 9,124,125}
}

@article{fink,
  title={Time reversal of electromagnetic waves},
  author={Lerosey, Geoffroy and De Rosny, J and Tourin, A and Derode, A and Montaldo, G and Fink, M},
  journal={Physical review letters},
  volume={92},
  number={19},
  pages={193904},
  year={2004},
  publisher={APS}
}

@article{nltr-classical-waves,
  title={Nonlinear time reversal of classical waves: Experiment and model},
  author={Frazier, Matthew and Taddese, Biniyam and Xiao, Bo and Antonsen, Thomas and Ott, Edward and Anlage, Steven M},
  journal={Physical Review E},
  volume={88},
  number={6},
  pages={062910},
  year={2013},
  publisher={APS}
}

@article{prada-mirror,
  title={The iterative time reversal mirror: A solution to self-focusing in the pulse echo mode},
  author={Prada, Claire and Wu, Francois and Fink, Mathias},
  journal={The Journal of the Acoustical Society of America},
  volume={90},
  number={2},
  pages={1119--1129},
  year={1991},
  publisher={Acoustical Society of America}
}

@article{hemmady,
  title={Statistical prediction and measurement of induced voltages on components within complicated enclosures: A wave-chaotic approach},
  author={Hemmady, Sameer and Antonsen, Thomas M and Ott, Edward and Anlage, Steven M},
  journal={Electromagnetic Compatibility, IEEE Transactions on},
  volume={54},
  number={4},
  pages={758--771},
  year={2012},
  publisher={IEEE}
}

@article{lerosey-focusing,
  title={Focusing beyond the diffraction limit with far-field time reversal},
  author={Lerosey, Geoffroy and De Rosny, Julien and Tourin, Arnaud and Fink, Mathias},
  journal={Science},
  volume={315},
  number={5815},
  pages={1120--1122},
  year={2007},
  publisher={American Association for the Advancement of Science}
}

@article{derode-mult,
  title={Time reversal versus phase conjugation in a multiple scattering environment},
  author={Derode, Arnaud and Tourin, Arnaud and Fink, Mathias},
  journal={Ultrasonics},
  volume={40},
  number={1},
  pages={275--280},
  year={2002},
  publisher={Elsevier}
}

@ARTICLE{tr-green, 
	author={Y. Chen and F. Han and Y. H. Yang and H. Ma and Y. Han and C. Jiang and H. Q. Lai and D. Claffey and Z. Safar and K. J. R. Liu}, 
	journal={IEEE Internet of Things Journal}, 
	title={Time-Reversal Wireless Paradigm for Green Internet of Things: An Overview}, 
	year={2014}, 
	volume={1}, 
	number={1}, 
	pages={81-98}, 
	doi={10.1109/JIOT.2014.2308838}, 
	ISSN={2327-4662}, 
	month={Feb}
}

@INPROCEEDINGS{roman, 
	author={S. Roman and R. Gogna and S. M. Anlage}, 
	booktitle={Wireless Power Transfer Conference (WPTC), 2016 IEEE}, 
  title={Selective Collapse of Nonlinear Time Reversed Electromagnetic Waves},
	year={2016}, 
	month={May}
}
